% Encoding: UTF-8

@Article{Kulin2018,
  author  = {Kulin, M and Kazaz, T and Moerman, I and Poorter, E},
  journal = {IEEE Access},
  title   = {End-to-End Learning From Spectrum Data: A Deep Learning Approach for Wireless Signal Identification in Spectrum Monitoring Applications},
  year    = {2018},
  pages   = {18484--18501},
  volume  = {6},
  date    = {2018},
  doi     = {10.1109/ACCESS.2018.2818794},
  file    = {:/home/shane/onedrive/research/papers/Kulin2018 - End-to-End Learning From Spectrum Data_ A Deep Learning Approach for Wireless Signal Identification in Spectrum Monitoring Applications.pdf:PDF},
}

@InBook{Vagollari2021,
  author    = {Vagollari, A and Schram, V and Wicke, W and Hirschbeck, M and Gerstacker, W},
  pages     = {1--7},
  title     = {Joint Detection and Classification of RF Signals Using Deep Learning},
  year      = {2021},
  booktitle = {2021 IEEE 93rd Vehicular Technology Conference (VTC2021-Spring)},
  date      = {2021},
  doi       = {10.1109/VTC2021-Spring51267.2021.9449073},
  file      = {:/home/shane/onedrive/research/papers/Vagollari2021 - Joint Detection and Classification of RF Signals Using Deep Learning.pdf:PDF},
}

@InBook{Redmon2016,
  author    = {Redmon, J and Divvala, S and Girshick, R and Farhadi, A},
  pages     = {779--788},
  title     = {You Only Look Once: Unified, Real-Time Object Detection},
  year      = {2016},
  booktitle = {2016 IEEE Conference on Computer Vision and Pattern Recognition (CVPR)},
  date      = {2016},
  doi       = {10.1109/CVPR.2016.91},
  file      = {:/home/shane/onedrive/research/papers/Redmon2016 - You Only Look Once_Unified Real-Time Object Detection.pdf:PDF},
}

@InBook{Ariananda2009,
  author    = {Ariananda, D and Lakshmanan, M and Nikookar, H},
  pages     = {74--79},
  title     = {A survey on spectrum sensing techniques for cognitive radio},
  year      = {2009},
  booktitle = {Second International Workshop on Cognitive Radio and Advanced Spectrum Management},
  date      = {2009},
  doi       = {10.1109/COGART.2009.5167237},
}

@Article{OShea2016,
  author   = {Timothy O'Shea and Nathan West},
  journal  = {Proceedings of the GNU Radio Conference},
  title    = {Radio Machine Learning Dataset Generation with GNU Radio},
  year     = {2016},
  number   = {1},
  volume   = {1},
  abstract = {This paper surveys emerging applications of Machine Learning (ML) to the Radio Signal Processing domain.  Provides some brief background on enabling methods and discusses some of the potential advancements for the field.  It discusses the critical importance of good datasets for model learning, testing, and evaluation and introduces several public open source synthetic datasets for various radio machine learning tasks.  These are intended to provide a robust common baselines for those working in the field and to provide a benchmark measure against which many techniques can be rapidly evaluated and compared.},
  url      = {https://pubs.gnuradio.org/index.php/grcon/article/view/11},
}

@Article{OShea2016a,
  author        = {Timothy J O'Shea and Johnathan Corgan and T. Charles Clancy},
  title         = {Convolutional Radio Modulation Recognition Networks},
  year          = {2016},
  archiveprefix = {arXiv},
  eprint        = {1602.04105},
  primaryclass  = {cs.LG},
}

@Article{Hillburn2018,
  author  = {Ben Hillburn and Nathan West and Tim O'Shea and Tamoghna Roy},
  journal = {Proceedings of the 3rd GNU Radio Conference},
  title   = {SigMF: The Signal Metadata Format},
  year    = {2018},
}

@Misc{kingma2017,
  author        = {Diederik P. Kingma and Jimmy Ba},
  title         = {Adam: A Method for Stochastic Optimization},
  year          = {2017},
  archiveprefix = {arXiv},
  eprint        = {1412.6980},
  primaryclass  = {cs.LG},
}

@Comment{jabref-meta: databaseType:bibtex;}
